@book{hilbe2017bayesian,
  title={Bayesian models for astrophysical data: using R, JAGS, Python, and Stan},
  author={Hilbe, Joseph M and De Souza, Rafael S and Ishida, Emille EO},
  year={2017},
  publisher={Cambridge University Press}
}

